<record><leader>00000cas a22000007a 4500</leader><controlfield tag="001">16961244</controlfield><controlfield tag="008">871110d19021909ohucr ne      0    0eng d</controlfield><datafield ind1=" " ind2=" " tag="010"><subfield code="a">sn 87075210 </subfield></datafield><datafield ind1=" " ind2=" " tag="040"><subfield code="a">ONP</subfield><subfield code="b">eng</subfield><subfield code="c">ONP</subfield><subfield code="d">OCLCQ</subfield></datafield><datafield ind1=" " ind2=" " tag="042"><subfield code="a">msc</subfield></datafield><datafield ind1="0" ind2=" " tag="130"><subfield code="a">Athens messenger (Athens, Ohio : 1902)</subfield></datafield><datafield ind1="1" ind2="4" tag="245"><subfield code="a">The Athens messenger.</subfield></datafield><datafield ind1="1" ind2="7" tag="246"><subfield code="a">Messenger and herald</subfield></datafield><datafield ind1=" " ind2=" " tag="260"><subfield code="a">Athens, Ohio :</subfield><subfield code="b">Messenger and Herald Print. Co.,</subfield><subfield code="c">1902-1909.</subfield></datafield><datafield ind1=" " ind2=" " tag="300"><subfield code="a">v.</subfield></datafield><datafield ind1=" " ind2=" " tag="310"><subfield code="a">Semiweekly,</subfield><subfield code="b">Feb. 9-June 8, 1909</subfield></datafield><datafield ind1=" " ind2=" " tag="321"><subfield code="a">Weekly,</subfield><subfield code="b">Aug. 14, 1902-Feb. 4, 1909</subfield></datafield><datafield ind1="0" ind2=" " tag="362"><subfield code="a">Aug. 14, 1902-84th year, no. 39 (June 8, 1909).</subfield></datafield><datafield ind1=" " ind2="4" tag="651"><subfield code="a">Athens (Ohio)</subfield><subfield code="v">Newspapers.</subfield></datafield><datafield ind1=" " ind2=" " tag="752"><subfield code="a">United States</subfield><subfield code="b">Ohio</subfield><subfield code="c">Athens</subfield><subfield code="d">Athens.</subfield></datafield><datafield ind1="0" ind2=" " tag="775"><subfield code="t">Athens daily messenger</subfield><subfield code="w">(DLC)sn 87075212</subfield></datafield><datafield ind1="0" ind2="0" tag="780"><subfield code="t">Athens messenger and herald</subfield><subfield code="w">(DLC)sn 87075209</subfield></datafield><datafield ind1="0" ind2="5" tag="780"><subfield code="t">Valley register (Nelsonville, Ohio)</subfield><subfield code="w">(DLC)sn 87075204</subfield></datafield><datafield ind1="1" ind2=" " tag="029"><subfield code="a">AU@</subfield><subfield code="b">000025800351</subfield></datafield></record>